%2 Introduccion
@Article{zheng2011,
  author    = {Jiaping Zheng and Wendy W. Chapman and Rebecca S. Crowley and Guergana K. Savova},
  title     = {Coreference resolution: a review of general methodologies and applications in the clinical domain},
  journal   = {Journal of Biomedical Informatics},
  year      = {2011},
  volume    = {44},
  number    = {6},
  pages     = {1113--1122},
  month     = {December},
  doi       = {10.1016/j.jbi.2011.08.006},
  publisher = {Elsevier},
  note      = {PMCID: PMC3226856}
}
@inproceedings{recasens2009semeval,
  author    = {Marta Recasens and M. Ant{\`o}nia Mart{\'i} and Mariona Taul{\'e} and Llu{\'i}s M{\`a}rquez and Eva Sapena},
  title     = {SemEval-2010 Task 1: Coreference Resolution in Multiple Languages},
  booktitle = {Proceedings of the NAACL-HLT Workshop on Semantic Evaluations: Recent Achievements and Future Directions},
  year      = {2009},
  pages     = {70--75}
}
@inproceedings{mccarthy1995using,
  author    = {Joseph McCarthy and Wendy Lehnert},
  title     = {Using decision trees for coreference resolution},
  booktitle = {Proceedings of the Fourteenth International Joint Conference on Artificial Intelligence},
  year      = {1995}
}

@article{steinberger2007two,
  author    = {Josef Steinberger and Massimo Poesio and Mijail Kabadjov and Karel Jezek},
  title     = {Two uses of anaphora resolution in summarization},
  journal   = {Information Processing and Management},
  volume    = {43},
  number    = {5},
  pages     = {1663--1680},
  year      = {2007}
}
@inproceedings{morton2000using,
  author    = {Thomas Morton},
  title     = {Using coreference for question answering},
  booktitle = {Proceedings of the 8th Text REtrieval Conference (TREC-8)},
  year      = {2000}
}
@inproceedings{miculicich2017coreference,
  author    = {Lesly Miculicich Werlen and Andrei Popescu-Belis},
  title     = {Using Coreference Links to Improve Spanish-to-English Machine Translation},
  booktitle = {Proceedings of the Second Workshop on Coreference Resolution Beyond OntoNotes (CORBON 2017)},
  year      = {2017},
  pages     = {30--40}
}
@article{recasens2010ancoraco,
  author    = {Marta Recasens and M. Antonia Martí},
  title     = {AncoraCO: Coreferentially annotated corpora for Spanish and Catalan},
  journal   = {Language Resources and Evaluation},
  volume    = {44},
  number    = {4},
  pages     = {315--345},
  year      = {2010}
}
@article{ferreira2020coreference,
  author    = {Ferreira Cruz, A. and Rocha, G. and Lopes Cardoso, H.},
  title     = {Coreference Resolution: Toward End-to-End and Cross-Lingual Systems},
  journal   = {Information},
  volume    = {11},
  number    = {2},
  pages     = {74},
  year      = {2020},
  doi       = {10.3390/info11020074},
  url       = {https://doi.org/10.3390/info11020074}
}


% 3.1 - Epigrafe Correferencia de entidades
@InProceedings{lee2017,
  author    = {Kenton Lee and Luheng He and Mike Lewis and Luke Zettlemoyer},
  title     = {End-to-End Neural Coreference Resolution},
  booktitle = {Proceedings of the 2017 Conference on Empirical Methods in Natural Language Processing (EMNLP)},
  year      = {2017},
  pages     = {188–197}
}

@InProceedings{joshi2019,
  author    = {Mandar Joshi and Danqi Chen and Yinhan Liu and Daniel S. Weld and Luke Zettlemoyer and Omer Levy},
  title     = {SpanBERT: Improving Pre-training by Representing and Predicting Spans},
  booktitle = {Proceedings of the 58th Annual Meeting of the Association for Computational Linguistics (ACL)},
  year      = {2020},
  pages     = {1404–1414}
}

@InProceedings{wu2020,
  author    = {Sheng Zhang and Xiaoyu Shen and Yichong Xu and Yichao Lu and Xian Li and Michael Glass and Yunyao Li and Dan Roth},
  title     = {Pretraining for Entity Coreference Resolution: A Study in Biomedical Domain},
  booktitle = {Proceedings of the 2020 Conference on Empirical Methods in Natural Language Processing (EMNLP)},
  year      = {2020},
  pages     = {692–701}
}

@InProceedings{clark2016,
  author    = {Kevin Clark and Christopher D. Manning},
  title     = {Improving Coreference Resolution by Learning Entity-Level Distributed Representations},
  booktitle = {Proceedings of the 54th Annual Meeting of the Association for Computational Linguistics (ACL)},
  year      = {2016},
  pages     = {643–653}
}

@InProceedings{khosla2020,
  author    = {Sarthak Khosla and Carolyn Penstein Rosé},
  title     = {Improving Coreference Resolution with Automatically Predicted Prosodic Information},
  booktitle = {Proceedings of the 28th International Conference on Computational Linguistics (COLING)},
  year      = {2020},
  pages     = {4913–4924}
}

@InProceedings{emelin2020,
  author    = {Denis Emelin and Nafise Sadat Moosavi and Iryna Gurevych},
  title     = {Don't Stop Pretraining: Adapt Language Models to Domains and Tasks},
  booktitle = {Proceedings of the 28th International Conference on Computational Linguistics (COLING)},
  year      = {2020},
  pages     = {5211–5223}
}

@InProceedings{trinh2018,
  author    = {Trinh, T. H. and Le, Q. V.},
  title     = {A Simple Method for Commonsense Reasoning},
  booktitle = {Proceedings of the 2018 Conference of the North American Chapter of the Association for Computational Linguistics (NAACL)},
  year      = {2018},
  pages     = {428–433}
}

@Article{sap2022,
  author    = {Maarten Sap and Ronan Le Bras and Chandra Bhagavatula and Yejin Choi},
  title     = {Social Bias Frames: Reasoning about Social and Power Implications of Language},
  journal   = {Transactions of the Association for Computational Linguistics (TACL)},
  year      = {2022},
  volume    = {9},
  pages     = {794–810}
}
%3.2- Epigrafe Sistemas de Correferencia de entidades
%-------------------------Stanford CoreNLP
@Article{raghunathan2010,
  author  = {Raghunathan, Karthik and Lee, Heeyoung and Rangarajan, Sudarshan and Chambers, Nathanael and Surdeanu, Mihai and Jurafsky, Dan and Manning, Christopher D},
  title   = {A Multi-Pass Sieve for Coreference Resolution},
  journal = {Proceedings of the 2010 Conference on Empirical Methods in Natural Language Processing (EMNLP)},
  year    = {2010},
  pages   = {492--501}
}

@Article{lee2011,
  author  = {Lee, Heeyoung and Peirsman, Yves and Chang, Angel X and Chambers, Nathanael and Surdeanu, Mihai and Jurafsky, Dan},
  title   = {Stanford's Multi-Pass Sieve Coreference Resolution System at the CoNLL-2011 Shared Task},
  journal = {Proceedings of the CoNLL-2011 Shared Task},
  year    = {2011},
  pages   = {28--34}
}

@Article{pradhan2011,
  author  = {Pradhan, Sameer and Ramshaw, Lance and Weischedel, Ralph and MacBride, Justin and Micciulla, Linnea},
  title   = {CoNLL-2011 Shared Task: Modeling Unrestricted Coreference in OntoNotes},
  journal = {Proceedings of the Fifteenth Conference on Computational Natural Language Learning: Shared Task},
  year    = {2011},
  pages   = {1--27}
}


@Article{recasens2013,
  author  = {Recasens, Marta and Hovy, Eduard},
  title   = {Semantic Resources for Coreference Resolution: A Survey},
  journal = {Computational Linguistics},
  year    = {2013},
  volume  = {39},
  number  = {4},
  pages   = {859--901}
}

@Article{martschat2012,
  author  = {Martschat, Sebastian and Strube, Michael},
  title   = {Robust Sieve-Based Coreference Resolution for German},
  journal = {Konvens},
  year    = {2012},
  pages   = {58--65}
}

@Article{shou2012,
  author  = {Shou, Li and Zhao, Dongyan},
  title   = {A Sieve-based Coreference Resolution Approach with Linguistic and Knowledge-Rich Rules},
  journal = {Proceedings of the CoNLL-2012 Shared Task},
  year    = {2012},
  pages   = {180--185}
}
%-------------------------Stanford CoreNLP

%3.3 - Epigrafe metricas
%-------------------------Metrica MUC
@InProceedings{cai2010,
  author    = {Cai, Jie and Strube, Michael},
  title     = {Evaluation Metrics For End-to-End Coreference Resolution Systems},
  booktitle = {Proceedings of the SIGDIAL 2010 Conference},
  year      = {2010},
  pages     = {28--36},
  address   = {Tokyo, Japan},
  publisher = {Association for Computational Linguistics},
  url       = {https://aclanthology.org/W10-4305/}
}

@Article{vilain1995,
  author  = {Vilain, Marc and Burger, John and Aberdeen, John and Connolly, Dennis and Hirschman, Lynette},
  title   = {A model-theoretic coreference scoring scheme},
  journal = {Proceedings of the 6th Message Understanding Conference (MUC-6)},
  year    = {1995}
}
@Article{moosavi2016,
  author  = {Moosavi, Nafise Sadat and Strube, Michael},
  title   = {Which coreference evaluation metric do you trust? A proposal for a link-based entity aware metric},
  journal = {Proceedings of the 54th Annual Meeting of the Association for Computational Linguistics (ACL)},
  year    = {2016}
} 
%-------------------------Metrica B3
@Article{sapena2008,
  author  = {Sapena, Emili and Padró, Lluís and Turmo, Jordi},
  title   = {Coreference Resolution Survey},
  journal = {TALP Research Center, Universitat Politècnica de Catalunya},
  year    = {2008},
  month   = {December},
  note    = {Technical Report}
}

@InProceedings{recasens2011,
  author    = {Recasens, Marta and Hovy, Eduard},
  title     = {BLANC: Implementing the Rand Index for coreference evaluation},
  booktitle = {Natural Language Processing and Text Mining},
  year      = {2011},
  publisher = {Springer},
  pages     = {25--38}
}
@Article{amigo2009,
  author  = {Amigó, Enrique and Gonzalo, Julio and Artiles, Javier and Verdejo, Felisa},
  title   = {A comparison of extrinsic clustering evaluation metrics based on formal constraints},
  journal = {Information Retrieval},
  year    = {2009},
  volume  = {12},
  number  = {4},
  pages   = {461--486}
}
@InProceedings{vanheusden2022,
  author    = {Ruben van Heusden and Jaap Kamps and Maarten Marx},
  title     = {BCubed Revisited: Elements Like Me},
  booktitle = {Proceedings of the 2022 ACM SIGIR International Conference on Theory of Information Retrieval (ICTIR '22)},
  year      = {2022},
  pages     = {127--132},
  doi       = {10.1145/3539813.3545121}
}
%-------------------------Metrica CEAF
@Article{luo2005,
  author  = {Luo, Xiaoqiang},
  title   = {On Coreference Resolution Performance Metrics},
  journal = {Proceedings of the Conference on Empirical Methods in Natural Language Processing (EMNLP)},
  year    = {2005},
  pages   = {25--32}
}

