% Encoding: UTF-8

@Book{Discriminador1,
  title     = {El arte de programar ordenadores. Clasificación y búsqueda},
  publisher = {Reverté, S.A.},
  author    = {D.E. Knuth},
  year      = {1986}
}
@MastersThesis{Discriminador2,
  author = {Apellido1 apellido2, Nombre},
  title  = {Titulo del trbajo},
  school = {Universidad donde se publicó el trabajo},
  year   = {año de publicación},
  type   = {tfg,tfm,tfc...},
}
@Article{Discriminador3,
  author  = {Aquí se incluyen el autor o autores separados por comas},
  title   = {Aquí se incluye el título del artículo},
  journal = {Aquí se incluye el nombre de la revista},
  year    = {año de publicación},
}
@Comment{jabref-meta: databaseType:bibtex;}
